<?xml version="1.0" encoding="UTF-8"?><collection xmlns="http://www.loc.gov/MARC21/slim"><record><leader>00333nam--2200121-i-4500</leader><controlfield tag="001">000018695</controlfield><controlfield tag="002">20161230</controlfield><controlfield tag="005">20161230201032</controlfield><controlfield tag="008">060222s1000------------r-----000-0-eng-d</controlfield><datafield ind1=" " ind2=" " tag="080"><subfield code="a">2892</subfield></datafield><datafield ind1=" " ind2=" " tag="100"><subfield code="a">Florea, Gheorghe Si Ilisiu, D</subfield></datafield><datafield ind1=" " ind2=" " tag="245"><subfield code="a">Montarea utilajelor tehnologice industriale</subfield></datafield><datafield ind1=" " ind2=" " tag="260"><subfield code="a">Bucuresti, Editura Tehnica, 1964.  867 P</subfield></datafield></record></collection>